<?xml version="1.0" encoding="UTF-8" ?><marc:collection xmlns:marc="http://www.loc.gov/MARC21/slim" xmlns:xsi="http://www.w3.org/2001/XMLSchema-instance" xsi:schemaLocation="http://www.loc.gov/MARC21/slim http://www.loc.gov/standards/marcxml/schema/MARC21slim.xsd">
<marc:record><marc:leader>05308cam a2200373Ii 4500</marc:leader>
<marc:controlfield tag="001">b12466487</marc:controlfield>
<marc:controlfield tag="003">UaCaAUL</marc:controlfield><marc:controlfield tag="005">20190627121919.0</marc:controlfield><marc:controlfield tag="008">000413s1885    ae            000 0 ara d</marc:controlfield><marc:datafield tag="035" ind1=" " ind2=" "><marc:subfield code="a">(OCoLC)60506412</marc:subfield></marc:datafield><marc:datafield tag="040" ind1=" " ind2=" "><marc:subfield code="a">MEAUC</marc:subfield><marc:subfield code="b">eng</marc:subfield><marc:subfield code="e">rda</marc:subfield><marc:subfield code="c">MEAUC</marc:subfield><marc:subfield code="d">OCLCF</marc:subfield><marc:subfield code="d">OCLCO</marc:subfield><marc:subfield code="d">OCLCQ</marc:subfield><marc:subfield code="d">MEAUC</marc:subfield></marc:datafield><marc:datafield tag="049" ind1=" " ind2=" "><marc:subfield code="a">MAIN</marc:subfield></marc:datafield><marc:datafield tag="050" ind1=" " ind2="4"><marc:subfield code="a">PJ7601</marc:subfield><marc:subfield code="b">.T9 1885</marc:subfield></marc:datafield><marc:datafield tag="066" ind1=" " ind2=" "><marc:subfield code="c">(3</marc:subfield></marc:datafield><marc:datafield tag="090" ind1=" " ind2=" "><marc:subfield code="a">PJ7601</marc:subfield><marc:subfield code="b">.T9 1885</marc:subfield></marc:datafield><marc:datafield tag="245" ind1="0" ind2="3"><marc:subfield code="6">880-01</marc:subfield><marc:subfield code="a">al-Tuḥfah al-bahīyah wa-al-ṭurfah al-shahīyah :</marc:subfield><marc:subfield code="b">fīhā sabʻ ʻasharah majmūʻah muntakhabah tashtamilu ʻalá adabīyāt muʻjibah wa-nawādir muṭribah.</marc:subfield></marc:datafield><marc:datafield tag="264" ind1=" " ind2="1"><marc:subfield code="6">880-02</marc:subfield><marc:subfield code="a">Qusṭanṭīnīyah :</marc:subfield><marc:subfield code="b">ṭubiʻ fī Maṭbaʻat al-Jawāʼib,</marc:subfield><marc:subfield code="c">1302 [1885]</marc:subfield></marc:datafield><marc:datafield tag="300" ind1=" " ind2=" "><marc:subfield code="a">296 pages ;</marc:subfield><marc:subfield code="c">24 cm.</marc:subfield></marc:datafield><marc:datafield tag="336" ind1=" " ind2=" "><marc:subfield code="a">text</marc:subfield><marc:subfield code="b">txt</marc:subfield><marc:subfield code="2">rdacontent.</marc:subfield></marc:datafield><marc:datafield tag="337" ind1=" " ind2=" "><marc:subfield code="a">unmediated</marc:subfield><marc:subfield code="b">n</marc:subfield><marc:subfield code="2">rdamedia.</marc:subfield></marc:datafield><marc:datafield tag="338" ind1=" " ind2=" "><marc:subfield code="a">volume</marc:subfield><marc:subfield code="b">nc</marc:subfield><marc:subfield code="2">rdacarrier.</marc:subfield></marc:datafield><marc:datafield tag="500" ind1=" " ind2=" "><marc:subfield code="6">880-03</marc:subfield><marc:subfield code="a">Ṭubiʻat bi-rukhṣat Niẓārat al-Maʻārif al-jalīlah, tārīkh al-rukhṣah 25 Rabīʻ al-Awwal 1302 wa-ʻadaduhā 895.</marc:subfield></marc:datafield><marc:datafield tag="500" ind1=" " ind2=" "><marc:subfield code="6">880-04</marc:subfield><marc:subfield code="a">&quot;Wa-kāna al-farāgh min ṭabʻihā fī muntaṣaf shahr Rabīʻ al-Ākhar min sanat alf wa-thalāthumāʼah wa-ithnatayn Hijrīyah&quot;--Colophon.</marc:subfield></marc:datafield><marc:datafield tag="505" ind1="0" ind2=" "><marc:subfield code="6">880-05</marc:subfield><marc:subfield code="a">al-Ūlá. Amthāl / Abī ʻUbayd al-Qāsim ibn Salām -- 2. al-Durr al-munaẓẓam fī al-waʻẓ wa-al-ḥikam -- 3. Kalimāt wa-ashʻār ḥikamīyah mukhtārah -- 4. Sabab waḍʻ ʻilm al-ʻArabīyah / lil-imām Jalāl al-Dīn al-Suyūṭī -- 5. Fī ʻilm al-khaṭṭ la-hu ayḍan -- 6. Tanbīh al-nāʼim al-ghamr ʻalá mawāsim al-ʻamr / lil-ʻallāmah Abī al-Faraj ibn al-Jawzī -- 7. Raṣf al-lāl fī waṣf al-hilāl / lil-Suyūṭī -- 8. Zahr al-rabīʻ fī al-mithl al-badīʻ ʻalá ḥurūf al-muʻjam -- 9. Amthāl Sayyidinā ʻAlī karrama Allāh wajhuhu ʻalá ḥurūf al-muʻjam -- 10. al-Nuzhah al-sunnīyah fī dhikr al-Khulafāʼ wa-al-mulūk al-Miṣrīyah / li-Ḥasan al-Ṭūlūnī -- 11. al-Risālah al-Ḥātimīyah lil-ʻAllāmah Abī ʻAlī Muḥammad ibn al-Muẓaffar al-Ḥātimī fī muwāfaqat shiʻr al-Mutanabbī li-kalām Arisṭāṭālīs -- 12. al-Urjūzah al-Raḥbīyah fī al-farāʼiḍ / lil-shaykh Muwaffaq al-Dīn al-Raḥbī -- 13. Risālat ʻAbd al-Wāsiʻ fī taqallub al-zamān wa-tabaddul al-aḥbāb -- 14. Riwāyāt laṭīfah wa-ḥikāyāt muntakhabah ẓarīfah -- 15. Fī al-alghāz -- 16. Fī al-tafḍīl bayna balāghatay al-ʻArab wa-al-ʻAjam / lil-ʻallāmah Abī Hilāl al-ʻAskarī -- 17. al-Amr al-muḥakkim al-marbūṭ fī mā yalzam ahl ṭarīq Allāh min al-mashrūṭ / lil-imām Muḥyī al-Dīn al-ʻArabī -- khātimat al-tuḥfah. Kitāb man ghāba ʻanhu al-muṭrib / lil-imām Abī Manṣūr al-Thaʻālibī.</marc:subfield></marc:datafield><marc:datafield tag="650" ind1=" " ind2="0"><marc:subfield code="a">Arabic literature.</marc:subfield></marc:datafield><marc:datafield tag="880" ind1=" " ind2="1"><marc:subfield code="6">264-02/(3/r</marc:subfield><marc:subfield code="a">قسطنطينية :‪</marc:subfield><marc:subfield code="b">طبع في مطبعة الجوائب،‪</marc:subfield><marc:subfield code="c">1302 [1885]</marc:subfield></marc:datafield><marc:datafield tag="880" ind1="0" ind2="3"><marc:subfield code="6">245-01/(3/r</marc:subfield><marc:subfield code="a">التحفة البهية والطرفة الشهية :‪</marc:subfield><marc:subfield code="b">فيها سبع عشرة مجموعة منتخبة تشتمل على أدبيات معجبة ونوادر مطربة..</marc:subfield></marc:datafield><marc:datafield tag="880" ind1=" " ind2=" "><marc:subfield code="6">500-03/(3/r</marc:subfield><marc:subfield code="a">طبعت برخصة نظارة المعارف الجليلة، تاريخ الرخصة 25 ربيع الاول 1302 وعددها 895.</marc:subfield></marc:datafield><marc:datafield tag="880" ind1=" " ind2=" "><marc:subfield code="6">500-04/(3/r</marc:subfield><marc:subfield code="a">&quot;وكان الفراغ من طبعها في منتصف شهر ربيع الآخر من سنة الف وثلاثمائه واثنتين هجرية&quot;--Colophon.</marc:subfield></marc:datafield><marc:datafield tag="880" ind1="0" ind2=" "><marc:subfield code="6">505-05/(3/r</marc:subfield><marc:subfield code="a">الاولى. امثال / ابي عبيد القاسم بن سلام -- 2. الدر المنظم في الوعظ والحكم -- 3. كلمات واشعار حكمية مختارة -- 4. سبب وضع علم العربية / للامام جلال الدين السيوطي -- 5. في علم الخط له ايضا -- 6. تنبيه النائم الغمر على مواسم العمر / للعلامة ابي الفرج بن الجوزي -- 7. رصف اللآل في وصف الهلال / للسيوطي -- 8. زهر الربيع في المثل البديع على حروف المعجم -- 9. امثال سيدنا علي كرم الله وجهه على حروف المعجم -- 10. النزهة السنية في ذكر الخلفاء والملوك المصرية / لحسن الطولوني -- 11. الرسالة الحاتمية للعلامة ابي علي محمد بن المظفر الحاتمي في موافقة شعر المتنبي لكلام ارسطاطاليس -- 12. الارجوزة الرحبية في الفرائض / للشيخ موفق الدين الرحبي -- 13. رسالة عبد الواسع في تقلب الزمان وتبدل الاحباب -- 14. روايات لطيفة وحكايات منتخبة ظريفة -- 15. في الالغاز -- 16. في التفضيل بين بلاغتي العرب والعجم / للعلامة ابي هلال العسكري -- 17. الامر المحكم المربوط في ما يلزم اهل طريق الله من المشروط / للامام محيي الدين العربي -- خاتمة التحفة. كتاب من غاب عنه المطرب / للامام ابي منصور الثعالي..</marc:subfield></marc:datafield><marc:datafield tag="907" ind1=" " ind2=" "><marc:subfield code="a">.b12466487</marc:subfield><marc:subfield code="b">main </marc:subfield></marc:datafield><marc:datafield tag="902" ind1=" " ind2=" "><marc:subfield code="a">190902</marc:subfield></marc:datafield><marc:datafield tag="998" ind1=" " ind2=" "><marc:subfield code="b">1</marc:subfield><marc:subfield code="c">000417</marc:subfield><marc:subfield code="d">m</marc:subfield><marc:subfield code="e">~</marc:subfield><marc:subfield code="f">-</marc:subfield><marc:subfield code="g">3</marc:subfield><marc:subfield code="k">TA</marc:subfield></marc:datafield><marc:datafield tag="945" ind1=" " ind2=" "><marc:subfield code="l">main </marc:subfield></marc:datafield></marc:record>
</marc:collection>
